version https://git-lfs.github.com/spec/v1
oid sha256:bc0213da13b4fb87f0cfee053c871834facd8edc35808f49e84fba6c99586964
size 1394
